<record><leader>00000cas a22000007a 4500</leader><controlfield tag="001">15208831</controlfield><controlfield tag="008">870218d19221922iaudn ne      0    0eng d</controlfield><datafield ind1=" " ind2=" " tag="010"><subfield code="a">sn 87057248 </subfield></datafield><datafield ind1=" " ind2=" " tag="040"><subfield code="a">INP</subfield><subfield code="b">eng</subfield><subfield code="c">INP</subfield><subfield code="d">OCLCQ</subfield></datafield><datafield ind1=" " ind2=" " tag="042"><subfield code="a">msc</subfield></datafield><datafield ind1="0" ind2="0" tag="245"><subfield code="a">Centerville daily journal.</subfield></datafield><datafield ind1="1" ind2="3" tag="246"><subfield code="a">Centerville journal</subfield></datafield><datafield ind1=" " ind2=" " tag="260"><subfield code="a">Centerville, Iowa :</subfield><subfield code="b">Centerville Journal Pub. Co.,</subfield><subfield code="c">1922-</subfield></datafield><datafield ind1=" " ind2=" " tag="300"><subfield code="a">v. :</subfield><subfield code="b">ill.</subfield></datafield><datafield ind1=" " ind2=" " tag="310"><subfield code="a">Daily (except Monday)</subfield></datafield><datafield ind1="0" ind2=" " tag="362"><subfield code="a">Vol. 1, no. 1 (July 16, 1922)-</subfield></datafield><datafield ind1="1" ind2=" " tag="362"><subfield code="a">Ceased Dec. 30, 1922?</subfield></datafield><datafield ind1=" " ind2=" " tag="752"><subfield code="a">United States</subfield><subfield code="b">Iowa</subfield><subfield code="c">Appanoose</subfield><subfield code="d">Centerville.</subfield></datafield><datafield ind1="0" ind2="0" tag="780"><subfield code="t">Centerville journal (Centerville, Iowa : 1911)</subfield><subfield code="w">(DLC)sn 87057249</subfield></datafield></record>